@comment{x-kbibtex-encoding=utf-8}

@comment{BibTeX file © Joram Berger, 2013-08-08}

@article{higgscms2012,
	author = {{CMS Collaboration}},
	collaboration = {CMS},
	comment = {CMS-PAS-HIG-12-028},
	date = {2012-09-17},
	doi = {10.1016/j.physletb.2012.08.021},
	eprint = {1207.7235},
	eprinttype = {arxiv},
	issue = {1},
	journal = {Phys.\ Lett.\ B},
	key = {1199142},
	pages = {30–61},
	title = {{Observation of a new boson at a mass of 125 GeV with the CMS experiment at the LHC}},
	url = {http://cds.cern.ch/record/1471016},
	volume = {716},
	x-fetchedfrom = {Inspire Hochenergiephysik-Literaturdatenbank}
}
