@comment{File generated by pas-bib version 171480, 2013-06-20 13:06 UTC}

@report{PAS-LUM-13-001,
	author = {{CMS Collaboration}},
	collaboration = {CMS},
	date = {2013},
	eprint = {CMS-PAS-LUM-13-001},
	eprinttype = {cern},
	institution = {CERN},
	number = {CMS-PAS-LUM-13-001},
	owner = {Joram Berger},
	timestamp = {2014-01-31},
	title = {{CMS Luminosity Based on Pixel Cluster Counting - Summer 2013 Update}},
	url = {http://cds.cern.ch/record/1598864},
	x-fetchedfrom = {CERN Document Server}
}

